<?xml version="1.0" encoding="utf-8"?>
<record xmlns="http://www.loc.gov/MARC21/slim" xmlns:xsi="http://www.w3.org/2001/XMLSchema-instance" xsi:schemaLocation="http://www.loc.gov/MARC21/slim http://www.loc.gov/standards/marcxml/schema/MARC21slim.xsd">
	<leader>     nam a22        4500</leader>
	<controlfield tag="001">399749</controlfield>
	<controlfield tag="003">NjP</controlfield>
	<controlfield tag="006">m        d        </controlfield>
	<controlfield tag="007">cr cn |||m|||a</controlfield>
	<controlfield tag="008">160519r19851905ir      o     000 0 ara d</controlfield>
	<datafield ind1=" " ind2=" " tag="040">
		<subfield code="a">NNU</subfield>
		<subfield code="b">eng</subfield>
		<subfield code="e">rda</subfield>
		<subfield code="c">NNU</subfield>
	</datafield>
	<datafield ind1=" " ind2="4" tag="050">
		<subfield code="a">BP166.2.S3</subfield>
		<subfield code="b">I2 1985</subfield>
	</datafield>
	<datafield ind1="1" ind2=" " tag="100">
		<subfield code="6">880-01</subfield>
		<subfield code="a">Fanārī, Muḥammad ibn Ḥamzah,</subfield>
		<subfield code="d">1350 or 1351-1430 or 1431.</subfield>
	</datafield>
	<datafield ind1="1" ind2="0" tag="240">
		<subfield code="6">880-02</subfield>
		<subfield code="a">Miṣbāḥ al-uns bayna al-maʻqūl wa-al-mashhūd fī sharḥ Miftāḥ ghayb al-jamʻ wa-al-wujūd</subfield>
	</datafield>
	<datafield ind1="1" ind2="0" tag="245">
		<subfield code="6">880-03</subfield>
		<subfield code="a">Miṣbāḥ al-uns fī sharḥ Miftāḥ ghayb al-jamʻ wa-al-wujūd [li-]Ṣadr al-Dīn Muḥammad ibn Isḥaq Qūnawī /</subfield>
		<subfield code="c">Muḥammad ibn Ḥamzah ibn Muḥammad al-ʻUthmānī (Ibn Fanārī) ; maʻa taʻlīqāt Mīrzā Ḥāshim ibn Ḥasan ibn Muḥammad ʻAlī al-Kīlānī Ashkūrī, Ḥasan Ḥasanʹzādah-ʼi Āmulī.</subfield>
	</datafield>
	<datafield ind1=" " ind2=" " tag="250">
		<subfield code="6">880-04</subfield>
		<subfield code="a">Chāp-i 2.</subfield>
	</datafield>
	<datafield ind1=" " ind2=" " tag="260">
		<subfield code="6">880-05</subfield>
		<subfield code="a">[Tehran?] :</subfield>
		<subfield code="b">Fajr,</subfield>
		<subfield code="c">1363 [i.e. 1985]</subfield>
	</datafield>
	<datafield ind1=" " ind2=" " tag="300">
		<subfield code="a">online resource (343, 12 pages)</subfield>
	</datafield>
	<datafield ind1=" " ind2=" " tag="336">
		<subfield code="a">text</subfield>
		<subfield code="2">rdacontent</subfield>
	</datafield>
	<datafield ind1=" " ind2=" " tag="337">
		<subfield code="a">computer</subfield>
		<subfield code="2">rdamedia</subfield>
	</datafield>
	<datafield ind1=" " ind2=" " tag="338">
		<subfield code="a">online resource</subfield>
		<subfield code="2">rdacarrier</subfield>
	</datafield>
	<datafield ind1=" " ind2=" " tag="500">
		<subfield code="a">Part of the Arabic Collections Online (ACO) project, contributed by Princeton University Libraries.</subfield>
	</datafield>
	<datafield ind1=" " ind2=" " tag="533">
		<subfield code="a">Electronic reproduction.</subfield>
		<subfield code="b">New York, N.Y. :</subfield>
		<subfield code="c">New York University,</subfield>
		<subfield code="d">2016.</subfield>
		<subfield code="5">NNU</subfield>
	</datafield>
	<datafield ind1=" " ind2=" " tag="534">
		<subfield code="p">Reprint. Originally published:</subfield>
		<subfield code="c">1323 [i.e. 1905].</subfield>
	</datafield>
	<datafield ind1=" " ind2="0" tag="650">
		<subfield code="a">Islamic philosophy</subfield>
		<subfield code="v">Early works to 1800.</subfield>
	</datafield>
	<datafield ind1=" " ind2="0" tag="650">
		<subfield code="a">God (Islam)</subfield>
		<subfield code="v">Early works to 1800.</subfield>
	</datafield>
	<datafield ind1=" " ind2="0" tag="650">
		<subfield code="a">Islam</subfield>
		<subfield code="x">Doctrines</subfield>
		<subfield code="v">Early works to 1800.</subfield>
	</datafield>
	<datafield ind1="1" ind2="0" tag="600">
		<subfield code="6">880-06</subfield>
		<subfield code="a">Ṣadr al-Dīn al-Qūnawī, Muḥammad ibn Isḥāq,</subfield>
		<subfield code="d">-1273 or 1274.</subfield>
		<subfield code="t">Miftāḥ ghayb al-jamʻ wa-al-wujūd.</subfield>
	</datafield>
	<datafield ind1="1" ind2=" " tag="700">
		<subfield code="6">880-07</subfield>
		<subfield code="a">Kīlānī Ashkūrī, Hāshim ibn Ḥasan ibn Muḥammad ʻAlī.</subfield>
	</datafield>
	<datafield ind1="1" ind2=" " tag="700">
		<subfield code="6">880-08</subfield>
		<subfield code="a">Ḥasanʹzādah Āmulī, Ḥasan.</subfield>
	</datafield>
	<datafield ind1="1" ind2="2" tag="700">
		<subfield code="6">880-09</subfield>
		<subfield code="a">Ṣadr al-Dīn al-Qūnawī, Muḥammad ibn Isḥāq,</subfield>
		<subfield code="d">-1273 or 1274.</subfield>
		<subfield code="t">Miftāḥ ghayb al-jamʻ wa-al-wujūd.</subfield>
	</datafield>
	<datafield ind1="2" ind2=" " tag="710">
		<subfield code="a">Princeton University.</subfield>
		<subfield code="b">Library.</subfield>
	</datafield>
	<datafield ind1="0" ind2=" " tag="730">
		<subfield code="a">Arabic Collections Online.</subfield>
	</datafield>
	<datafield ind1="0" ind2="2" tag="740">
		<subfield code="6">880-10</subfield>
		<subfield code="a">Miftāḥ ghayb al-jamʻ wa-al-wujūd.</subfield>
	</datafield>
	<datafield ind1="0" ind2="8" tag="776">
		<subfield code="i">Print version:</subfield>
		<subfield code="a">Fanārī, Muḥammad ibn Ḥamzah, 1350 or 1351-1430 or 1431.</subfield>
		<subfield code="t">Miṣbāḥ al-uns fī sharḥ Miftāḥ ghayb al-jamʻ wa-al-wujūd [li-]Ṣadr al-Dīn Muḥammad ibn Isḥaq Qūnawī</subfield>
		<subfield code="w">(NjP)399749</subfield>
		<subfield code="w">(OCoLC)24554221</subfield>
	</datafield>
	<datafield ind1="4" ind2="0" tag="856">
		<subfield code="u">http://hdl.handle.net/2333.1/ghx3fk36</subfield>
	</datafield>
	<datafield ind1="1" ind2=" " tag="880">
		<subfield code="6">100-01/r</subfield>
		<subfield code="a">فناري، محمد بن حمزة،,</subfield>
		<subfield code="d">1350 or 1351-1430 or 1431.</subfield>
	</datafield>
	<datafield ind1="1" ind2="0" tag="880">
		<subfield code="6">240-02/r</subfield>
		<subfield code="a">مصباح الانس بين المعقول والمشهود في شرح مفتاح غيب الجمع والوجود</subfield>
	</datafield>
	<datafield ind1="1" ind2="0" tag="880">
		<subfield code="6">245-03/r</subfield>
		<subfield code="a">مصباح الانس في شرح مفتاح غيب الجمع والوجود [ل]صدر الدين محمد بن اسحق قونوي /</subfield>
		<subfield code="c">محمد بن حمزة بن محمد العثماني (ابن فناري) ؛ مع تعليقات ميرزا حاشم بن حسن بن محمد علي الكيلاني اشكوري، حسن حسنزادهئ آملي.</subfield>
	</datafield>
	<datafield ind1=" " ind2=" " tag="880">
		<subfield code="6">250-04/r</subfield>
		<subfield code="a">چاپ 2.</subfield>
	</datafield>
	<datafield ind1=" " ind2=" " tag="880">
		<subfield code="6">260-05/r</subfield>
		<subfield code="a">تهران :</subfield>
		<subfield code="b">انتشارات فجر،</subfield>
		<subfield code="c">1363 [1985]</subfield>
	</datafield>
	<datafield ind1="1" ind2="4" tag="880">
		<subfield code="6">600-06/r</subfield>
		<subfield code="a">صدر الدين القونوي، محمد بن اسحاق،,</subfield>
		<subfield code="d">-1273 or 1274.</subfield>
		<subfield code="t">مفتاح غيب الجمع والوجود.</subfield>
	</datafield>
	<datafield ind1="1" ind2=" " tag="880">
		<subfield code="6">700-07/r</subfield>
		<subfield code="a">كيلاني اشكوري، هاشم بن حسن بن محمد علي.</subfield>
	</datafield>
	<datafield ind1="1" ind2=" " tag="880">
		<subfield code="6">700-08/r</subfield>
		<subfield code="a">حسن زادة آملي، حسن.</subfield>
	</datafield>
	<datafield ind1="1" ind2="2" tag="880">
		<subfield code="6">700-09/r</subfield>
		<subfield code="a">صدر الدين القونوي، محمد بن اسحاق،,</subfield>
		<subfield code="d">-1273 or 1274.</subfield>
		<subfield code="t">مفتاح غيب الجمع والوجود.</subfield>
	</datafield>
	<datafield ind1="0" ind2="2" tag="880">
		<subfield code="6">740-10/r</subfield>
		<subfield code="a">مفتاح غيب الجمع والوجود.</subfield>
	</datafield>
	<datafield ind1=" " ind2=" " tag="959">
		<subfield code="a">NNU</subfield>
		<subfield code="b">WEB</subfield>
		<subfield code="c">GENI</subfield>
		<subfield code="t">0</subfield>
		<subfield code="m">Electronic access</subfield>
		<subfield code="s">01</subfield>
	</datafield>
	<datafield ind1=" " ind2=" " tag="999">
		<subfield code="i">NjP_399749</subfield>
		<subfield code="o">(OCoLC)ocm24554221 </subfield>
		<subfield code="s">princeton_aco000589</subfield>
	</datafield>
</record>
